@Manual{bamlss:R,
  title = {R: A Language and Environment for Statistical Computing},
  author = {{R Core Team}},
  organization = {R Foundation for Statistical Computing},
  address = {Vienna, Austria},
  year = {2020},
  url = {https://www.R-project.org/}
}

@Article{bamlss:Janson:2015,
  author = {Janson, Lucas and Fithian, William and Hastie, Trevor J.},
  title = "{Effective Degrees of Freedom: A Flawed Metaphor}",
  journal = {Biometrika},
  volume = {102},
  number = {2},
  pages = {479--485},
  year = {2015},
  month = {05},
  doi = {10.1093/biomet/asv019}
}

@Article{bamlss:Aitkin:1987,
  author = {Aitkin, Murray},
  title = {Modelling Variance Heterogeneity in Normal Regression Using GLIM},
  journal = {Journal of the Royal Statistical Society C},
  volume = {36},
  number = {3},
  pages = {332--339},
  doi = {10.2307/2347792},
  year = {1987}
}

@Article{bamlss:aic1,
  author = {Hurvich, Clifford M. and Tsai, Chih-Ling},
  title = "{Regression and Time Series Model Selection in Small Samples}",
  journal = {Biometrika},
  volume = {76},
  number = {2},
  pages = {297--307},
  year = {1989},
  month = {06},
  doi = {10.1093/biomet/76.2.297}
}

@Article{bamlss:aic2,
  title = {Unifying the Derivations for the Akaike and Corrected Akaike Information Criteria},
  journal = {Statistics \& Probability Letters},
  volume = {33},
  number = {2},
  pages = {201--208},
  year = {1997},
  doi = {10.1016/S0167-7152(96)00128-9},
  author = {Joseph E. Cavanaugh}
}

@Article{bamlss:DiCiccio:2004,
  author = {Thomas J DiCiccio and Anna Clara Monti},
  title = {Inferential Aspects of the Skew Exponential Power Distribution},
  journal = {Journal of the American Statistical Association},
  volume = {99},
  number = {466},
  pages = {439--450},
  year  = {2004},
  publisher = {Taylor \& Francis},
  doi = {10.1198/016214504000000359},
}

@Article{bamlss:Leon:2020,
  title = {COVID-19: A Need for Real-Time Monitoring of Weekly Excess Deaths},
  journal = {The Lancet},
  volume = {395},
  number = {10234},
  pages = {e81},
  year = {2020},
  doi = {https://doi.org/10.1016/S0140-6736(20)30933-8},
  author = {David A Leon and Vladimir M Shkolnikov and Liam Smeeth and Per Magnus and Markéta Pechholdová and Christopher I Jarvis}
}

@Article{bamlss:Hong:2016,
  title = {Probabilistic Energy Forecasting: Global Energy Forecasting Competition 2014 and beyond},
  journal = {International Journal of Forecasting},
  volume = {32},
  number = {3},
  pages = {896--913},
  year = {2016},
  doi = {10.1016/j.ijforecast.2016.02.001},
  author = {Tao Hong and Pierre Pinson and Shu Fan and Hamidreza Zareipour and Alberto Troccoli and Rob J. Hyndman}
}

@Manual{bamlss:INLA,
    title = {\pkg{INLA}: Full Bayesian Analysis of Latent Gaussian Models Using Integrated
      Nested Laplace Approximations},
    author = {Havard Rue and Finn Lindgren and Daniel Simpson and Sara Martino and
      Elias {Teixeira Krainski} and Haakon Bakka and Andrea Riebler and Geir-Arne Fuglstad},
    year = {2019},
    note = {\proglang{R} package version 19.09.03},
}

@Article{bamlss:Lindgren+Rue:2015,
  author	= {Finn Lindgren and H{\aa}vard Rue},
  title		= {Bayesian Spatial Modelling with \proglang{R}-\pkg{INLA}},
  journal	= {Journal of Statistical Software},
  year		= {2015},
  volume	= {63},
  number	= {19},
  pages		= {1--25},
  doi		= {10.18637/jss.v063.i19}
}

@Article{bamlss:Bivand+GomezRubio+Rue:2015,
  author	= {Roger S. Bivand and Virgilio G\'omez-Rubio and H\r{a}vard Rue},
  title		= {Spatial Data Analysis with \proglang{R}-\pkg{INLA} with Some Extensions},
  journal	= {Journal of Statistical Software},
  year		= {2015},
  volume	= {63},
  number	= {20},
  pages		= {1--31},
  doi		= {10.18637/jss.v063.i20}
}


@Article{bamlss:ASA:2016,
  author = {Ronald L. Wasserstein and Nicole A. Lazar},
  title = {The {ASA} Statement on $p$-Values: Context, Process, and Purpose},
  journal = {The American Statistician},
  volume = {70},
  number = {2},
  pages = {129--133},
  year  = {2016},
  publisher = {Taylor \& Francis},
  doi = {10.1080/00031305.2016.1154108}
}

@Book{bamlss:Koenker:2005,
  place={Cambridge},
  series={Econometric Society Monographs},
  title={Quantile Regression},
  DOI={10.1017/CBO9780511754098},
  publisher={Cambridge University Press},
  author={Koenker, Roger},
  year={2005},
  collection={Econometric Society Monographs}
}

@Article{bamlss:Buerkner:2018,
  author = {Paul-Christian B\"urkner},
  title = {Advanced {B}ayesian Multilevel Modeling with the \proglang{R} Package \pkg{brms}},
  year = {2018},
  journal = {{The \proglang{R} Journal}},
  doi = {10.32614/RJ-2018-017},
  pages = {395--411},
  volume = {10},
  number = {1}
}

@Article{bamlss:Buerkner:2017,
   author = {Paul-Christian B\"urkner},
   title = {\pkg{brms}: An \proglang{R} Package for {B}ayesian Multilevel Models Using \pkg{Stan}},
   journal = {Journal of Statistical Software},
   volume = {80},
   number = {1},
   year = {2017},
   pages = {1--28},
   doi = {10.18637/jss.v080.i01}
}

@Manual{bamlss:gamlss.dist,
  title = {\pkg{gamlss.dist}: Distributions for Generalized Additive Models for
    Location, Scale and Shape},
  author = {D. Mikis Stasinopoulos and Robert A. Rigby},
  year = {2021},
  note = {\proglang{R} package version 5.3-2},
  url = {https://CRAN.R-project.org/package=gamlss.dist},
}

@Manual{bamlss:distreg.vis,
  title = {\pkg{distreg.vis}: Framework for the Visualization of Distributional Regression Models},
  author = {Stanislaus Stadlmann},
  year = {2021},
  note = {\proglang{R} package version  1.7.2},
  url = {https://CRAN.R-project.org/package=distreg.vis},
}

@Article{bamlss:Buuren+Miranda:2001,
  author = {Van Buuren, Stef and Fredriks, Miranda}, 
  title = {Worm Plot: A Simple Diagnostic Device for Modelling Growth Reference Curves},
  journal = {Statistics in Medicine},
  year = {2001},
  volume = {20},
  number = {8},
  pages = {1259-1277},
  doi = {10.1002/sim.746}
}

@Article{bamlss:Gneiting+Raftery:2007,
 doi = {10.1198/016214506000001437},
 author = {Tilmann Gneiting and Adrian E. Raftery},
 journal = {Journal of the American Statistical Association},
 number = {477},
 pages = {359--378},
 publisher = {[American Statistical Association, Taylor & Francis, Ltd.]},
 title = {Strictly Proper Scoring Rules, Prediction, and Estimation},
 volume = {102},
 year = {2007}
}

@InProceedings{bamlss:Umlauf+Klein:2019,
  title = {Neural Network Regression with an Application to Leukaemia Survival Data -- An
    Unstructured Distributional Approach},
  author = {Nadja Klein and Thorsten Simon and Nikolaus Umlauf},
  booktitle = {Proceedings of the 34th International Workshop on Statistical Modelling,
    Guimar\~aes, Portugal},
  year = {2019},
  pages = {157--160},
  volume = {1},
  publisher = {Statistical Modelling Society}
}

@Article{bamlss:Koehler+Umlauf+Greven:2018,
  author = {Meike K\"ohler and Nikolaus Umlauf and Sonja Greven},
  title = {Nonlinear Association Structures in Flexible {B}ayesian Additive Joint Models},
  journal = {Statistics in Medicine},
  year = {2018},
  doi = {10.1002/sim.7967},
  volume = {37},
  number = {30},
  pages = {4771--4788}
}

@Article{bamlss:Umlauf+Kneib:2018,
  author = {Nikolaus Umlauf and Thomas Kneib},
  title = {A Primer on {B}ayesian Distributional Regression},
  journal = {Statistical Modelling},
  volume = {18},
  number = {3-4},
  pages = {219--247},
  year = {2018},
  doi = {10.1177/1471082X18759140}
}

@Article{bamlss:Umlauf+Klein+Zeileis:2018,
  author = {Nikolaus Umlauf and Nadja Klein and Achim Zeileis},
  title = {{BAMLSS}: Bayesian Additive Models for Location, Scale, and Shape (and Beyond)},
  journal = {Journal of Computational and Graphical Statistics},
  volume = {27},
  number = {3},
  pages = {612--627},
  year  = {2018},
  publisher = {Taylor \& Francis},
  doi = {10.1080/10618600.2017.1407325}
}

@Article{bamlss:Umlauf:2015,
  author = {Nikolaus Umlauf and Daniel Adler and Thomas Kneib and Stefan Lang and Achim Zeileis},
  title = {Structured Additive Regression Models: An \proglang{R} Interface to \pkg{BayesX}},
  journal = {Journal of Statistical Software},
  volume = {63},
  number = {21},
  year = {2015},
  pages = {1--46},
  doi = {10.18637/jss.v063.i21}
}

@Article{bamlss:Groll+Hambuckers+Kneib+Umlauf:2019,
  title = {LASSO-Type Penalization in the Framework of Generalized Additive Models for Location, Scale and Shape},
  journal = {Computational Statistics \& Data Analysis},
  volume = {140},
  pages = {59--74},
  year = {2019},
  doi = {10.1016/j.csda.2019.06.005},
  author = {Andreas Groll and Julien Hambuckers and Thomas Kneib and Nikolaus Umlauf}
}

@Article{bamlss:Jordan+Krueger+Lerch:2018,
  author = {Alexander Jordan and Fabian Kr\"uger and Sebastian Lerch},
  title = {Evaluating Probabilistic Forecasts with \pkg{scoringRules}},
  journal = {Journal of Statistical Software},
  volume = {90},
  number = {12},
  year = {2019},
  pages = {1--37},
  doi = {10.18637/jss.v090.i12}
}

@Article{bamlss:Heidelberger+Welch:1983,
  doi = {10.1287/opre.31.6.1109},
  author = {Philip Heidelberger and Peter D. Welch},
  journal = {Operations Research},
  number = {6},
  pages = {1109--1144},
  publisher = {INFORMS},
  title = {Simulation Run Length Control in the Presence of an Initial Transient},
  volume = {31},
  year = {1983}
}

@Article{bamlss:Heidelberger+Welch:1981,
  author = {Heidelberger, Philip and Welch, Peter D.},
  title = {A Spectral Method for Confidence Interval Generation and Run Length Control in Simulations},
  journal = {Communications of the ACM},
  volume = {24},
  number = {4},
  month = apr,
  year = {1981},
  pages = {233--245},
  numpages = {13},
  doi = {10.1145/358598.358630},
  publisher = {ACM},
  address = {New York, NY, USA},
}

@Article{bamlss:Brooks+Gelman:1998,
  author = {Stephen P. Brooks and Andrew Gelman},
  title = {General Methods for Monitoring Convergence of Iterative Simulations},
  journal = {Journal of Computational and Graphical Statistics},
  volume = {7},
  number = {4},
  pages = {434--455},
  year = {1998},
  doi = {10.1080/10618600.1998.10474787}
}

@Article{bamlss:Gelman+Rubin:1992,
  author = "Gelman, Andrew and Rubin, Donald B.",
  fjournal = "Statistical Science",
  journal = "Statistical Science",
  month = "11",
  number = "4",
  pages = "457--472",
  publisher = "The Institute of Mathematical Statistics",
  title = "Inference from Iterative Simulation Using Multiple Sequences",
  doi = "10.1214/ss/1177011136",
  volume = "7",
  year = "1992"
}

@Article{bamlss:Gerfin:1996,
  author = {Gerfin, Michael},
  title = {Parametric and Semi-Parametric Estimation of the
    Binary Response Model of Labour Market Participation},
  journal = {Journal of Applied Econometrics},
  volume = {11},
  number = {3},
  pages = {321-339},
  doi = {10.1002/(SICI)1099-1255(199605)11:3<321::AID-JAE391>3.0.CO;2-K},
  year = {1996}
}

@Book{bamlss:Kleiber+Zeileis:2008,
  title = {Applied Econometrics with \proglang{R}},
  author = {Christian Kleiber and Achim Zeileis},
  year = {2008},
  publisher = {Springer-Verlag},
  address = {New York},
  url = {https://CRAN.R-project.org/package=AER},
}

@Article{bamlss:Carter+Kohn:1994,
  doi = {10.1093/biomet/81.3.541},
  author = {C. K. Carter and R. Kohn},
  journal = {Biometrika},
  number = {3},
  pages = {541-553},
  publisher = {[Oxford University Press, Biometrika Trust]},
  title = {On Gibbs Sampling for State Space Models},
  volume = {81},
  year = {1994}
}


@Article{bamlss:Paciorek:2007,
  author = {Christopher Paciorek},
  title = {Bayesian Smoothing with Gaussian Processes Using Fourier Basis Functions
     in the spectralGP Package},
  journal = {Journal of Statistical Software},
  volume = {19},
  number = {2},
  year = {2007},
  pages = {1--38},
  doi = {10.18637/jss.v019.i02}
}

@Article{bamlss:Rue+Martino+Chopin:2009,
  author = {Rue, Havard and Martino, Sara and Chopin, Nicolas},
  title = {Approximate {B}ayesian Inference for Latent {G}aussian Models by Using Integrated Nested {L}aplace Approximations},
  journal = {Journal of the Royal Statistical Society B},
  volume = {71},
  number = {2},
  publisher = {Blackwell Publishing Ltd},
  doi = {10.1111/j.1467-9868.2008.00700.x},
  pages = {319--392},
  year = {2009}
}

@Article{bamlss:Silverman:1985,
  doi = {10.1111/j.2517-6161.1985.tb01327.x},
  author = {B. W. Silverman},
  journal = {Journal of the Royal Statistical Society B},
  number = {1},
  pages = {1--21},
  publisher = {[Royal Statistical Society, Wiley]},
  title = {Some Aspects of the Spline Smoothing Approach to Non-Parametric Regression Curve Fitting},
  volume = {47},
  year = {1985}
}

@Article{bamlss:Koehler+Umlauf+Greven:2016,
  author = {K\"ohler, Meike and Umlauf, Nikolaus and Beyerlein, Andreas and Winkler, Christiane and
    Ziegler, Anette-Gabriele and Greven, Sonja},
  title = {Flexible {B}ayesian Additive Joint Models with an Application to Type~1 Diabetes Research},
  journal = {Biometrical Journal},
  year = {2017},
  volume = {59},
  number = {6},
  pages = {1144-1165},
  doi = {10.1002/bimj.201600224}
}


@Article{bamlss:Kneib+Klein+Lang+Umlauf:2019,
  author = {Kneib, Thomas and Klein, Nadja and Lang, Stefan and Umlauf, Nikolaus},
  title = {Modular Regression -- A {L}ego System for Building Structured Additive Distributional Regression Models with Tensor Product Interactions},
  journal = {TEST},
  year = {2019},
  volume = {28},
  number = {1},
  pages = {1--39},
  doi = {10.1007/s11749-019-00631-z}
}

@Article{bamlss:Waldmann+Taylor+Klein+Kneib+Pressler+Schmid+Mayr:2016,
  author = {Waldmann, Elisabeth and Taylor-Robinson, David and Klein, Nadja and Kneib, Thomas and
    Pressler, Tania and Schmid, Matthias and Mayr, Andreas},
  title = {Boosting Joint Models for Longitudinal and Time-to-Event Data},
  journal = {Biometrical Journal},
  doi = {10.1002/bimj.201600158},
  year = {2017},
  volume = {59},
  number = {6},
  pages = {1104--1121}
}

@Article{bamlss:Gneiting+Balabdaoui+Raftery:2007,
  author = {Gneiting, Tilmann and Balabdaoui, Fadoua and Raftery, Adrian E.},
  title = {Probabilistic Forecasts, Calibration and Sharpness},
  journal = {Journal of the Royal Statistical Society B},
  volume = {69},
  number = {2},
  publisher = {Blackwell Publishing Ltd},
  doi = {10.1111/j.1467-9868.2007.00587.x},
  pages = {243--268},
  year = {2007}
}

@Article{bamlss:Klein+Kneib:2016b,
  author = "Klein, Nadja and Kneib, Thomas",
  title = "Simultaneous Inference in Structured Additive Conditional Copula Regression Models: A Unifying {B}ayesian Approach",
  journal = "Statistics and Computing",
  year = "2016",
  volume = "26",
  number = "4",
  pages = "841--860",
  doi = "10.1007/s11222-015-9573-6"
}

@Article{bamlss:Stauffer+Mayr+Messner+Umlauf+Zeileis:2016,
  author = {Reto Stauffer and Jakob W. Messner and Georg J. Mayr and Nikolaus Umlauf and Achim Zeileis},
  title = {Spatio-Temporal Precipitation Climatology over Complex Terrain Using a Censored Additive Regression Model},
  journal = {International Journal of Climatology},
  year = {2017},
  volume = {37},
  number = {7},
  pages = {3264--3275},
  doi = {10.1002/joc.4913}
}

@Article{bamlss:Nemec+Gruber+Chimani:2011,
  author = {Johanna Nemec and Christine Gruber and Barbara Chimani and Ingeborg Auer},
  title = {Trends in Extreme Temperature Indices in {A}ustria Based on a New Homogenised Dataset},
  journal = {International Journal of Climatology},
  year = {2013},
  volume = {33},
  number = {6},
  pages = {1538--1550},
  doi = {10.1002/joc.3532}
}

@Article{bamlss:Nemec+Chimani+Gruber:2011,
  author = {Johanna Nemec and Barbara Chimani and Christine Gruber and Ingeborg Auer},
  title = {Ein Neuer {D}atensatz Homogenisierter {T}agesdaten},
  journal = {\"OGM Bulletin},
  year = {2011},
  number = {2011/1},
  pages = {19--20},
  doi = {10.1002/joc.3532}
}

@Article{bamlss:Eilers+Marx:2003,
  title = {Multivariate Calibration with Temperature Interaction Using Two-Dimensional Penalized Signal Regression},
  journal = {Chemometrics and Intelligent Laboratory Systems},
  volume = {66},
  number = {2},
  pages = {159--174},
  year = {2003},
  doi = {10.1016/s0169-7439(03)00029-7},
  author = {Paul H. C. Eilers and Brian D. Marx}
}

@Manual{bamlss:Umlauf+Klein+Zeileis:2016,
  title = {\pkg{bamlss}: {B}ayesian Additive Models for Location Scale and Shape (and Beyond)},
  author = {Nikolaus Umlauf and Nadja Klein and Achim Zeileis and Meike K\"ohler},
  year = {2021},
  note = {\proglang{R} package version 1.1-4},
  url = {http://CRAN.R-project.org/package=bamlss}
}

@Article{bamlss:Messner+Mayr+Zeileis:2016,
  author = {Jakob W. Messner and Georg J. Mayr and Achim Zeileis},
  title = {Non-Homogeneous Boosting for Predictor Selection in Ensemble Post-Processing},
  journal = {Monthly Weather Review},
  year = {2017},
  note = {Forthcoming},
  doi = {10.1175/mwr-d-16-0088.1}
}

@Article{SpiBesCarLin2002,
  author = {Spiegelhalter, David J. and Best, Nicola G. and Carlin, Bradley P. and Van der Linde, Angelika},
  title = {{B}ayesian Measures of Model Complexity and Fit},
  journal = {Journal of the Royal Statistical Society B},
  volume = {64},
  number = {4},
  pages = {583--639},
  doi = {10.1111/1467-9868.00353},
  year = {2002}
}

@Article{bamlss:Mayr+Fenske+Hofner:2012,
  author  = {Mayr, A. and Fenske, N. and Hofner, B. and Kneib, T. and Schmid, M.},
  title   = {Generalized Additive Models for Location, Scale and Shape for High Dimensional Data: {A} Flexible Approach Based on Boosting},
  journal = {Journal of the Royal Statistical Society C},
  year    = {2012},
  volume  = {61},
  number  = {3},
  pages   = {403--427},
  doi     = {10.1111/j.1467-9876.2011.01033.x}
}

@Article{bamlss:Hofner+Mayr+Schmid:2014,
  author = {Benjamin Hofner and Andreas Mayr and Matthias Schmid},
  title = {\pkg{gamboostLSS}: An \proglang{R} Package for Model Building and Variable Selection in the {GAMLSS} Framework},
  journal = {Journal of Statistical Software},
  year = {2016},
  volume = {74},
  number = {1},
  pages = {1--31},
  doi = {10.18637/jss.v074.i01}
}

@Manual{bamlss:Hofner:2018,
  title = {\pkg{gamboostLSS}: Boosting Methods for {GAMLSS} Models},
  author = {Benjamin Hofner and Andreas Mayr and Nora Fenske and Matthias Schmid},
  year = {2018},
  note = {\proglang{R} package version 2.0-1},
  url = {https://CRAN.R-project.org/package=gamboostLSS},
}

@Article{bamlss:Wood:2016b,
  author = {Simon N. Wood},
  title = {Just Another Gibbs Additive Modeler: Interfacing \pkg{JAGS} and \pkg{mgcv}},
  journal = {Journal of Statistical Software},
  year = {2016},
  volume = {75},
  number = {7},
  pages = {1--15},
  doi = {10.18637/jss.v075.i07}
}

@Article{bamlss:Wood+Li+Shaddick:2017,
  author = {Simon N. Wood and Zheyuan Li and Gavin Shaddick and Nicole H. Augustin},
  title = {Generalized Additive Models for Gigadata: Modelling the {UK} Black Smoke Network Daily Data},
  journal = {Journal of the American Statistical Association},
  year = {2017},
  volume = {112},
  number = {519},
  pages = {1199--1210},
  doi = {10.1080/01621459.2016.1195744}
}

@Article{bamlss:Li+Wood:2019,
  author = {Zheyuan Li and Simon N. Wood},
  title = {Faster model matrix crossproducts for large generalized linear models with discretized covariates},
  journal = {Statistics and Computing},
  year = {2019},
  volume = {},
  number = {},
  pages = {},
  doi = {10.1007/s11222-019-09864-2}
}

@Manual{bamlss:Therneau:2016,
  author = {T. M. Therneau},
  title = {\pkg{survival}: A Package for Survival Analysis in \proglang{S}},
  year = {2016},
  note = {\proglang{R}~package version~2.40-1},
  url = {https://CRAN.R-project.org/package=survival}
}

@PhdThesis{bamlss:Hofner:2008,
  title = {Variable Selection and Model Choice in Survival Models with Time-Varying Effects},
  year = {2008},
  author = {Benjamin Hofner},
  school = {Institut f\"ur Statistik},
  url = {http://nbn-resolving.de/urn/resolver.pl?urn=nbn:de:bvb:19-epub-11028-5}
}

@Article{bamlss:Barlow+Prentice:1988,
  author = {Ross L. Prentice William E. Barlow},
  title = {Residuals for Relative Risk Regression},
  journal = {Biometrika},
  year = {1988},
  volume = {75},
  number = {1},
  pages = {65--74}
}

@Article{bamlss:Hennerfeind+Brezger+Fahrmeir:2006,
  author = {Andrea Hennerfeind and Andreas Brezger and Ludwig Fahrmeir},
  title = {Geoadditive Survival Models},
  journal = {Journal of the American Statistical Association},
  volume = {101},
  number = {475},
  pages = {1065--1075},
  year = {2006},
  doi = {10.1198/016214506000000348}
}

@Article{bamlss:Kneib+Fahrmeir:2007,
  author = {Thomas Kneib and Ludwig Fahrmeir},
  title = {A Mixed Model Approach for Geoadditive Hazard Regression},
  journal = {Scandinavian Journal of Statistics},
  year = {2007},
  volume = {34},
  number = {1},
  pages = {207--228},
  doi = {10.1111/j.1467-9469.2006.00524.x}
}

@Article{bamlss:Taylor:2015,
  author = {Benjamin M. Taylor},
  title = {Spatial Modelling of Emergency Service Response Times},
  journal = {Journal of the Royal Statistical Society A},
  year = {2017},
  doi = {10.1111/rssa.12192},
  volume = {180},
  number = {2},
  pages = {433--453}
}

@Book{bamlss:Venables+Ripley:2002,
  title = {Modern Applied Statistics with \proglang{S}},
  author = {W. N. Venables and B. D. Ripley},
  publisher = {Springer-Verlag},
  edition = {4th},
  address = {New York},
  year = {2002},
  doi = {10.1007/978-0-387-21706-2}
}

@Article{bamlss:Umlauf+Mayr+Messner:2012,
  author = {Nikolaus Umlauf and Georg Mayr and Jakob Messner and Achim Zeileis},
  title = {Why Does It Always Rain on Me? {A} Spatio-Temporal Analysis of Precipitation in {A}ustria},
  journal = {Austrian Journal of Statistics},
  year = {2012},
  volume = {41},
  number = {1},
  pages = {81--92},
  doi = {10.1002/joc.4913}
}

@Article{bamlss:Krige:1951,
  author = {Daniel G. Krige},
  doi = {10.2307/3006914},
  journal = {Journal of the Chemical, Metallurgical and Mining Society of South Africa},
  number = {6},
  pages = {119--139},
  publisher = {Operational Research Society},
  title = {{A Statistical Approach to Some Basic Mine Valuation Problems on the Witwatersrand}},
  volume = {52},
  year = {1951}
}

@Article{bamlss:Polson+Scott:2012,
  author = {Nicholas G. Polson and James G. Scott},
  doi = {10.1214/12-ba730},
  journal = {Bayesian Analysis},
  number = {4},
  pages = {887--902},
  publisher = {International Society for Bayesian Analysis},
  title = {On the Half-Cauchy Prior for a Global Scale Parameter},
  volume = {7},
  year = {2012}
}

@Article{bamlss:Gelman:2006,
  author = {Andrew Gelman},
  doi = {10.1214/06-ba117a},
  journal = {Bayesian Analysis},
  number = {3},
  pages = {515--534},
  publisher = {International Society for Bayesian Analysis},
  title = {Prior Distributions for Variance Parameters in Hierarchical Models (Comment on Article by Browne and Draper)},
  volume = {1},
  year = {2006}
}

@Article{bamlss:Neal:2003,
  author = {Radford M. Neal},
  journal = {The Annals of Statistics},
  number = {3},
  pages = {705--767},
  publisher = {The Institute of Mathematical Statistics},
  title = {Slice Sampling},
  volume = {31},
  year = {2003},
  doi = {10.1214/aos/1056562461}
}

@Article{bamlss:Gareth+Roberts+Jeffrey+Rosenthal:2009,
  author = {Gareth O. Roberts and Jeffrey S. Rosenthal},
  title = {Examples of Adaptive {MCMC}},
  journal = {Journal of Computational and Graphical Statistics},
  volume = {18},
  number = {2},
  pages = {349-367},
  year = {2009},
  doi = {10.1198/jcgs.2009.06134}
}

@Article{bamlss:Gamerman:1997,
  year = {1997},
  journal = {Statistics and Computing},
  volume = {7},
  number = {1},
  doi = {10.1023/a:1018509429360},
  title = {Sampling from the Posterior Distribution in Generalized Linear Mixed Models},
  publisher = {Kluwer Academic Publishers},
  author = {Dani Gamerman},
  pages = {57--68},
  language = {English}
}

@InCollection{bamlss:Gelman+Roberts+Gilks:1996,
  author = {A. Gelman and G. O. Roberts and W. R. Gilks},
  title = {Efficient Metropolis Jumping Rules},
  pages = {599},
  editor = {J. M. Bernado and others},
  booktitle = {Bayesian Statistics},
  volume = {5},
  publisher = {OUP},
  year = {1996}
}

@Article{bamlss:Smyth:1996,
  year = {1996},
  journal = {Statistics and Computing},
  volume = {6},
  number = {3},
  doi = {10.1007/bf00140865},
  title = {Partitioned Algorithms for Maximum Likelihood and Other Non-Linear Estimation},
  publisher = {Kluwer Academic Publishers},
  author = {Gordon K. Smyth},
  pages = {201--216}
}

@Article{bamlss:Klein+Kneib+Klasen+Lang:2015,
  author = {Nadja Klein and Thomas Kneib and Stephan Klasen and Stefan Lang},
  title = {{B}ayesian Structured Additive Distributional Regression for Multivariate Responses},
  journal = {Journal of the Royal Statistical Society C},
  doi = {10.1111/rssc.12090},
  pages = {569--591},
  volume = {64},
  year = {2015}
}

@Article{bamlss:Klein+Carlan+Kneib+Lang+Wagner:2019:arxiv,
  author = {Nadja Klein and Manuel Carlan and Thomas Kneib and Stefan Lang and Helga Wagner},
  title = {Bayesian Effect Selection in Structured Additive Distributional Regression Models},
  journal = {arXiv:1902.10446v1},
  year = {2019}
}

@Article{bamlss:Klein+Kneib+Lang+Sohn:2015,
  author = {Nadja Klein and Thomas Kneib and Stefan Lang and Alexander Sohn},
  title = {{B}ayesian Structured Additive Distributional Regression with an Application to Regional Income Inequality in {G}ermany},
  journal = {Annals of Applied Statistics},
  pages = {1024--1052},
  volume = {9},
  year = {2015},
  doi = {10.1214/15-aoas823}
}

@Article{bamlss:Klein+Kneib:2016,
  author = {Nadja Klein and Thomas Kneib},
  title = {Scale-Dependent Priors for Variance Parameters in Structured Additive Distributional Regression},
  journal = {Bayesian Analysis},
  year = {2016},
  volume = {11},
  number = {4},
  pages = {1071--1106},
  doi = {10.1214/15-ba983}
}

@Article{bamlss:Klein+Kneib+Lang:2015,
  author = {Nadja Klein and Thomas Kneib and Stefan Lang},
  title = {Bayesian Generalized Additive Models for Location, Scale and Shape for Zero-Inflated and Overdispersed Count Data},
  journal = {Journal of the American Statistical Association},
  year = {2015},
  volume = {110},
  number = {509},
  pages = {405--419},
  doi = {10.1080/01621459.2014.912955}
}

@Article{bamlss:Simpson:Rue:Martins:Riebler:Sorbye:2015,
  author = "Simpson, Daniel and Rue, Havard and Riebler, Andrea and Martins, Thiago G. and S{\o}rbye, Sigrunn H.",
  doi = "10.1214/16-STS576",
  fjournal = "Statistical Science",
  journal = "Statistical Science",
  month = "02",
  number = "1",
  pages = "1--28",
  publisher = "The Institute of Mathematical Statistics",
  title = "Penalising Model Component Complexity: A Principled, Practical Approach to Constructing Priors",
  volume = "32",
  year = "2017"
}

@Article{watanabe2010asymptotic,
  title={Asymptotic Equivalence of {B}ayes Cross Validation and Widely Applicable Information
    Criterion in Singular Learning Theory},
  author={Watanabe, Sumio},
  journal={The Journal of Machine Learning Research},
  volume={11},
  pages={3571--3594},
  year={2010},
  publisher={JMLR. org}
}

@Article{bamlss:Dunn+Smyth:1996,
  title = {Randomized Quantile Residuals},
  author = {Peter K. Dunn and Gordon K. Smyth},
  journal = {Journal of Computational and Graphical Statistics},
  volume = {5},
  number = {3},
  pages = {236--244},
  year = {1996},
  publisher = {American Statistical Association, Institute of Mathematical Statistics, and Interface Foundation of America},
  doi = {10.2307/1390802}
}

@Article{bamlss:Fahrmeir+Lang:2001,
  author = {Ludwig Fahrmeir and Stefan Lang},
  title = {{B}ayesian Inference for Generalized Additive Mixed Models Based on {M}arkov Random Field Priors},
  journal = {Journal of the Royal Statistical Society C},
  year = {2001},
  volume = {50},
  number = {2},
  pages = {201--220},
  doi = {10.1111/1467-9876.00229}
}

@Article{bamlss:stan,
  author = {Bob Carpenter and Andrew Gelman and Matthew D. Hoffman and Daniel Lee and Ben Goodrich and Michael Betancourt and Marcus Brubaker and Jiqiang Guo and Peter Li and Allen Riddell},
  title = {\proglang{Stan}: A Probabilistic Programming Language},
  journal = {Journal of Statistical Software},
  year = {2017},
  volume = {76},
  number = {1},
  pages = {1--32},
  doi = {10.18637/jss.v076.i01}
}

@InProceedings{bamlss:Plummer:2013,
  author = {Martyn Plummer},
  title = {\pkg{JAGS}: A Program for Analysis of Bayesian Graphical Models Using Gibbs Sampling},
  booktitle = {Proceedings of the 3rd International Workshop on Distributed Statistical Computing, Vienna, Austria},
  year = {2003},
  editor = {Kurt Hornik and Friedrich Leisch and Achim Zeileis},
  url = {http://www.ci.tuwien.ac.at/Conferences/DSC-2003/Proceedings/}
}

@Article{bamlss:BUGS:2009,
  author = {D. J. Lunn and D. Spiegelhalter and A. Thomas and N. Best},
  title = {The \pkg{BUGS} Project: Evolution, Critique and Future Directions},
  journal = {Statistics in Medicine},
  year = {2009},
  volume = {28},
  pages = {3049--3082},
  doi = {10.1002/sim.3680}
}

@Article{bamlss:Lunn+Thomas+Best+Spiegelhalter:2000,
  author = {D. J. Lunn and A. Thomas and N. Best and D. Spiegelhalter},
  title = {\pkg{WinBUGS} -- A {B}ayesian Modelling Framework: Concepts, Structure, and Extensibility},
  journal = {Statistics and Computing},
  year = {2000},
  volume = {10},
  pages = {325--337},
  doi = {10.1023/a:1008929526011}
}

@Article{bamlss:Goudie+Turner+Angelis:2020,
  author	= {Robert J. B. Goudie and Rebecca M. Turner and Daniela De Angelis and Andrew Thomas},
  title		= {\pkg{MultiBUGS}: A Parallel Implementation of the \proglang{BUGS} Modeling Framework for Faster Bayesian Inference},
  journal	= {Journal of Statistical Software},
  year		= {2020},
  volume	= {95},
  number	= {7},
  pages		= {1--20},
  doi		= {10.18637/jss.v095.i07}
}

@Article{bamlss:Albert+Chib:1993,
  author = {J. Albert and S Chib},
  title = {{B}ayesian Analysis of Binary and Polychotomous Response Data},
  journal = {Journal of the American Statistical Association},
  year = {1993},
  volume = {88},
  pages = {669--679},
  doi = {10.1080/01621459.1993.10476321}
}

@Article{bamlss:Lang+Brezger:2004,
  author = {Stefan Lang and Andreas Brezger},
  title = {{B}ayesian {P}-Splines},
  journal = {Journal of Computational and Graphical Statistics},
  year = {2004},
  volume = {13},
  pages = {183-212},
  doi = {10.1198/1061860043010}
}

@Manual{bamlss:Kneib+Heinzl+Brezger:2016,
  author = {Nikolaus Umlauf and Thomas Kneib and Nadja Klein and Felix Heinzl and Andreas Brezger and Daniel Sabanes Bove},
  title = {\pkg{BayesX}: \proglang{R} Utilities Accompanying the Software Package \pkg{BayesX}},
  year = {2019},
  note = {\proglang{R}~package version~0.3.1},
  url = {https://CRAN.R-project.org/package=BayesX}
}

@Manual{bamlss:Wood:2019,
  author = {S. N. Wood},
  title = {\pkg{mgcv}: Mixed GAM Computation Vehicle with Automatic Smoothness Estimation},
  year = {2021},
  note = {\proglang{R}~package version~1.8-36},
  url = {https://CRAN.R-project.org/package=mgcv}
}

@Manual{bamlss:Stasinopoulos+Rigby:2019,
  author = {D. Mikis Stasinopoulos and Robert A. Rigby},
  title = {\pkg{gamlss}: Generalised Additive Models for Location, Scale and Shape},
  year = {2021},
  note = {\proglang{R}~package version~5.3-4},
  url = {https://CRAN.R-project.org/package=gamlss}
}

@Article{bamlss:Brezger+Kneib+Lang:2005,
  author = {Andreas Brezger and Thomas Kneib and Stefan Lang},
  title = {\pkg{BayesX}: Analyzing Bayesian Structured Additive Regression Models},
  journal = {Journal of Statistical Software},
  year = {2005},
  volume = {14},
  number = {11},
  pages = {1--22},
  doi = {10.18637/jss.v014.i11}
}

@Article{bamlss:Brezger+Lang:2006,
  author = {Andres Brezger and Stefan Lang},
  title = {Generalized Structured Additive Regression Based on {B}ayesian {P}-Splines},
  journal = {Computational Statistics \& Data Analysis},
  year = {2006},
  volume = {50},
  pages = {947--991},
  doi = {10.1016/j.csda.2004.10.011}
}

@Article{bamlss:Belitz+Lang:2008,
  author = {Christiane Belitz and Stefan Lang},
  title = {Simultaneous Selection of Variables and Smoothing Parameters in Structured Additive Regression Models},
  journal = {Computational Statistics \& Data Analysis},
  year = {2008},
  volume = {53},
  pages = {61--81},
  doi = {10.1016/j.csda.2008.05.032}
}

@Book{bamlss:DeBoor:2001, 
  author = {C. {De Boor}},
  title = {A Practical Guide to Splines},
  year = {2001},
  publisher = {Springer-Verlag},
  address = {New York}
}

@Book{gamlss:book1,
  author = {M.D. Stasinopoulos and R.A. Rigby and G.Z. Heller and V. Voudouris and F.D. Bastiani},
  title = {Flexible Regression and Smoothing: Using {GAMLSS} in \proglang{R}},
  year = {2017},
  publisher = {CRC Press},
  doi = {10.1201/b21973}
}

@Book{gamlss:book2,
  author = {R.A. Rigby and M.D. Stasinopoulos and G.Z. Heller and F.D. Bastiani},
  title = {Distributions for Modeling Location, Scale, and Shape: Using {GAMLSS} in \proglang{R}},
  year = {2019},
  publisher = {CRC Press},
  doi = {10.1201/9780429298547}
}

@Article{bamlss:Eilers+Marx:1996,
  author = {P. H. C Eilers and B. D. Marx},
  title = {Flexible Smoothing Using {B}-Splines and Penalized Likelihood},
  journal = {Statistical Science},
  year = {1996},
  volume = {11},
  pages = {89--121},
  doi = {10.1214/ss/1038425655}
}

@Article{bamlss:Fahrmeir+Kneib+Lang:2004,
  author = {Ludwig Fahrmeir and Thomas Kneib and Stefan Lang},
  title = {Penalized Structured Additive Regression for Space Time Data: A {B}ayesian Perspective},
  journal = {Statistica Sinica},
  year = {2004},
  volume = {14},
  pages = {731-761},
  doi = {10.1007/978-3-642-34333-9_9}
}

@Book{bamlss:Hastie+Tibshirani:1990,
  address = {New York},
  author = {T. Hastie and R. Tibshirani},
  title = {Generalized Additive Models},
  year = {1990},
  publisher = {Chapman \& Hall/CRC}
}

@Article{bamlss:Ruppert:2002,
  author = {D. Ruppert},
  title = {Selecting the Number of Knots for {P}enalized Splines},
  journal = {Journal of Computational and Graphical Statistics},
  year = {2002},
  volume = {11},
  pages = {735--757},
  doi = {10.1198/106186002321018768}
}

@Article{bamlss:Wand:2003,
  author = {M. P. Wand},
  title = {Smoothing and Mixed Models},
  journal = {Computational Statistics},
  year = {2003},
  volume = {18},
  pages = {223--249},
  doi = {10.1007/s001800300142}
}

@Book{bamlss:Fahrmeir+Kneib+Lang+Marx:2013,
  author = {Ludwig Fahrmeir and Thomas Kneib and Stefan Lang and Brian Marx},
  title = {Regression -- Models, Methods and Applications},
  year = {2013},
  publisher = {Springer-Verlag},
  address = {Berlin},
}

@Book{bamlss:Wood:2006,
  author = {Simon N. Wood},
  title = {Generalized Additive Models: An Introduction with \proglang{R}},
  year = {2006},
  publisher = {Chapman \& Hall/CRC},
  address = {Boca Raton}
}

@Book{bamlss:Wood:2017,
  title = {Generalized Additive Models: An Introduction with \proglang{R}},
  year = {2017},
  author = {Simon N. Wood},
  edition = {2nd},
  publisher = {Chapman \& Hall/CRC},
  address = {Boca Raton}
}

@Article{bamlss:Wood+Pya+Saefken:2016,
  author = {Simon N. Wood and Natalya Pya and Benjamin S\"afken},
  title = {Smoothing Parameter and Model Selection for General Smooth Models},
  journal = {Journal of the American Statistical Association},
  volume = {111},
  number = {516},
  pages = {1548-1563},
  year  = {2016},
  publisher = {Taylor \& Francis},
  doi = {10.1080/01621459.2016.1180986}
}

@Article{bamlss:Nelder+Wedderburn:1972,
  author = {John A. Nelder and Robert W. M. Wedderburn},
  title = {Generalized Linear Models},
  journal = {Journal of the Royal Statistical Society A},
  year = {1972},
  volume = {135},
  pages = {370--384},
  doi = {10.2307/2344614}
}

@Book{bamlss:McCullagh+Nelder:1989,
  author = {P. McCullagh and John A. Nelder},
  title = {Generalized Linear Models},
  edition = {2nd},
  year = {1989},
  publisher = {Chapman \& Hall},
  address = {London},
  doi = {10.1007/978-1-4899-3242-6}
}

@Article{bamlss:Rigby+Stasinopoulos:2005,
  author = {R. A. Rigby and D. M. Stasinopoulos},
  title = {Generalized Additive Models for Location, Scale and Shape},
  journal = {Journal of the Royal Statistical Society C},
  year = {2005},
  volume = {54},
  number = {3},
  pages = {507--554},
  doi = {10.1111/j.1467-9876.2005.00510.x}
}

@Book{bamlss:Fahrmeir+Tutz:2001,
  author = {Ludwig Fahrmeir and Gerhard Tutz},
  title = {Multivariate Statistical Modelling Based on Generalized Linear Models},
  year = {2001},
  publisher = {Springer-Verlag},
  address = {New York},
  doi = {10.1007/978-1-4757-3454-6}
}

@Article{bamlss:Lin+Zhang:1999,
  author = {Xihong Lin and Daowen Zhang},
  title = {Inference in Generalized Additive Mixed Models by Using Smoothing Splines},
  journal = {Journal of the Royal Statistical Society B},
  year = {1999},
  volume = {61},
  pages = {381--400},
  doi = {10.1111/1467-9868.00183}
}

@Article{bamlss:Kamman+Wand:2003,
  author = {E. E. Kamman and M. P. Wand},
  title = {Geoadditive Models},
  journal = {Journal of the Royal Statistical Society C},
  year = {2003},
  volume = {52},
  pages = {1--18},
  doi = {10.1111/1467-9876.00385}
}

@Article{bamlss:Hastie+Tibshirani:1993,
  author = {T. Hastie and R. Tibshirani},
  title = {Varying-Coefficient Models},
  journal = {Journal of the Royal Statistical Society B},
  year = {1993},
  volume = {55},
  pages = {757-796},
  doi = {10.1002/0471667196.ess0297.pub2}
}

@Book{bamlss:Fotheringham+Brunsdon+Charlton:2002,
  author = {A. S. Fotheringham and C. Brunsdon and M. E. Charlton},
  title = {Geographically Weighted Regression: The Analysis of Spatially Varying Relationships},
  publisher = {John Wiley \& Sons},
  address = {Chichester},
  year = {2002}
}

@Manual{bamlss:Belitz+Brezger+Kneib+Lang+Umlauf:2017,
  author = {Christiane Belitz and Andreas Brezger and Nadja Klein and Thomas Kneib and Stefan Lang and Nikolaus Umlauf},
  title = {\pkg{{B}ayes{X}} -- Software for {B}ayesian Inference in Structured Additive Regression Models},
  note = {Version~3.0.2},
  year = {2015},
  url = {http://www.BayesX.org/}
}

@Book{bamlss:Chambers+Hastie:1992,
  editor = {John M. Chambers and Trevor J. Hastie},
  title = {Statistical Models in \proglang{S}},
  publisher = {Chapman \& Hall},
  year = {1992},
  address = {London}
}

@Article{bamlss:Yee:2009,
  author = {Thomas W. Yee},
  title = {The \pkg{VGAM} Package for Categorical Data Analysis},
  journal = {Journal of Statistical Software},
  year = {2010},
  volume = {32},
  number = {10},
  pages = {1--34},
  doi = {10.18637/jss.v032.i10}
}

@Manual{bamlss:Yee:2019,
  title = {\pkg{VGAM}: Vector Generalized Linear and Additive Models},
  author = {Thomas W. Yee},
  year = {2019},
  note = {\proglang{R} package version 1.1-1},
  url = {https://CRAN.R-project.org/package=VGAM},
}

@Book{bamlss:Yee:2015,
  title = {Vector Generalized Linear and Additive Models: With an Implementation in \proglang{R}},
  author = {Thomas W. Yee},
  year = {2015},
  publisher = {Springer-Verlag},
  address = {New York}
}

@Article{bamlss:Kandala+Lang+Klasen+Fahrmeir:2001,
  author = {N. B. Kandala and S. Lang and S. Klasen and L. Fahrmeir},
  title = {Semiparametric Analysis of the Socio-Demographic and Spatial Determinants of Undernutrition in Two African Countries},
  journal = {Research in Official Statistics},
  year = {2001},
  volume = {1},
  pages = {81--100},
  doi = {10.2139/ssrn.321043}
}

@Book{bamlss:Sakamoto+Ishiguro+Kitagawa:1986,
  editor = {Y. Sakamoto and M. Ishiguro and Kitagawa G.},
  title = {Akaike Information Criterion Statistics},
  publisher = {D. Reidel Publishing Company},
  year = {1986}
}

@Article{bamlss:Kneib+Fahrmeir:2006,
  author = {Thomas Kneib and Ludwig Fahrmeir},
  title = {Structured Additive Regression for Multicategorical Space-Time Data: A Mixed Model Approach},
  journal = {Biometrics},
  year = {2006},
  volume = {62},
  pages = {109--118},
  doi = {10.1111/j.1541-0420.2005.00392.x}
}

@Article{bamlss:Goettlein+Pruscha:1996,
  author = {A. G\"ottlein and H. Pruscha},
  title = {Der Einfuss Von Bestandskenngr\"Ossen, Topographie, Standord Und Witterung Auf Die Entwicklung Des Kronenzustandes Im Bereich Des Forstamtes Rothenbuch},
  journal = {Forstwissenschaftliches Zentralblatt},
  year = {1996},
  volume = {114},
  pages = {146--162},
  doi = {10.1007/bf02738594}
}

@Manual{bamlss:Stabler:2016,
  author = {Ben Stabler},
  title = {\pkg{shapefiles}: Read and Write ESRI Shapefiles},
  year = {2016},
  note = {\proglang{R}~package version~0.7},
  url = {https://CRAN.R-project.org/package=shapefiles}
}

@Misc{bamlss:Hornik:2011,
  author = {Kurt Hornik},
  title = {The \proglang{R} {FAQ}},
  year = {2012},
  url = {https://CRAN.R-project.org/doc/FAQ/R-FAQ.html}
}

@Article{bamlss:Plummer+Best+Cowles+Vines:2006,
  author = {Martyn Plummer and Nicky Best and Kate Cowles and Karen Vines},
  title = {\pkg{coda}: Convergence Diagnosis and Output Analysis for {MCMC}},
  journal = {\proglang{R} News},
  year = {2006},
  volume = {6},
  number = {1},
  pages = {7--11},
}

@Article{bamlss:Wood:2004,
  author = {S. N. Wood},
  title = {Stable and Efficient Multiple Smoothing Parameter Estimation for Generalized Additive Models},
  journal = {Journal of the American Statistical Association},
  year = {2004},
  volume = {99},
  pages = {673--686},
  doi = {10.1198/016214504000000980}
}

@Article{bamlss:Wood:2008,
  author = {S. N. Wood},
  title = {Fast Stable Direct Fitting and Smoothness Selection for Generalized Additive Models},
  journal = {Journal of the Royal Statistical Society B},
  year = {2008},
  volume = {70},
  pages = {495--518},
  doi = {10.1111/j.1467-9868.2007.00646.x}
}

@Article{bamlss:Yee:1996,
  author = {Thomas W. Yee and C. J. Wild},
  title = {Vector Generalized Additive Models},
  journal = {Journal of the Royal Statistical Society B},
  year = {1996},
  volume = {58},
  number = {3},
  pages = {481--493},
  doi = {10.1007/978-1-4939-2818-7_19}
}

@Article{bamlss:Wood:2011b,
  author = {S. N. Wood},
  title = {Fast Stable Restricted Maximum Likelihood and Marginal Likelihood Estimation of Semiparametric Generalized Linear Models},
  journal = {Journal of the Royal Statistical Society B},
  year = {2011},
  volume = {73},
  number = {3},
  pages = {3--36},
  doi = {10.1111/j.1467-9868.2010.00749.x}
}

@Manual{bamlss:Wand:2010,
  title = {\pkg{SemiPar}: Semiparametic Regression},
  author = {Matt Wand},
  year = {2010},
  note = {\proglang{R}~package version~1.0-4.1},
  url = {https://CRAN.R-project.org/package=SemiPar}
}

@Manual{bamlss:Krivobokova,
  title = {\pkg{AdaptFit}: Adaptive Semiparametic Regression},
  author = {Tatyana Krivobokova},
  year = {2009},
  note = {\proglang{R}~package version~0.2.2},
  url = {https://CRAN.R-project.org/package=AdaptFit}
}

@Article{bamlss:Scheipl:2011,
  title = {\pkg{spikeSlabGAM}: {B}ayesian Variable Selection, Model Choice and Regularization for Generalized Additive Mixed Models in \proglang{R}},
  author = {Fabian Scheipl},
  journal = {Journal of Statistical Software},
  year = {2011},
  volume = {43},
  number = {14},
  pages = {1--24},
  doi = {10.18637/jss.v043.i14}
}

@Book{bamlss:Ruppert+Wand+Carrol:2003,
  address = {Cambridge},
  author = {David Ruppert and M. P. Wand and R. J. Carrol},
  title = {Semiparametric Regression},
  year = {2003},
  publisher = {Cambridge University Press},
  address = {New York},
  doi = {10.1017/CBO9780511755453}
}

@Manual{bamlss:Hastie:2011,
  title = {\pkg{gam}: Generalized Additive Models},
  author = {Trevor Hastie},
  year = {2011},
  note = {\proglang{R} package version~5.0-1},
  url = {https://CRAN.R-project.org/package=gam}
}

@Article{bamlss:Stasinopoulos:Rigby:2007,
  author = {D. Mikis Stasinopoulos and Robert A. Rigby},
  title = {Generalized Additive Models for Location Scale and Shape (GAMLSS) in \proglang{R}},
  journal = {Journal of Statistical Software},
  volume = {23},
  number = {7},
  pages = {1--46},
  year = {2007},
  doi = {10.18637/jss.v023.i07}
}

@Book{bamlss:Burnham+Anderson:1998,
  author = {K. P. Burnham and D. R. Anderson},
  title = {Model Selection and Multimodel Inference},
  year = {1998},
  publisher = {Springer-Verlag},
  address = {New York},
  doi = {10.1007/b97636}
}

@Article{bamlss:Friedmann+Hastie+Tibshirani:2010,
  author	= {Jerome Friedman and Trevor Hastie and Robert Tibshirani},
  title		= {Regularization Paths for Generalized Linear Models via Coordinate Descent},
  journal	= {Journal of Statistical Software},
  year		= {2010},
  volume	= {33},
  number	= {1},
  pages		= {1--22},
  doi		= {10.18637/jss.v033.i01}
}

@Book{bamlss:Hastie+Tibshirani+Friedmann:2009,
  author = {T. J. Hastie and R. J. Tibshirani and J. Friedman},
  title = {The Elements of Statistical Learning},
  publisher = {Springer-Verlag},
  address = {New York},
  year = {2009},
  edition = {2nd},
  doi = {10.1007/978-0-387-84858-7}
}

@Manual{bamlss:BayesXsrc,
  title = {\pkg{BayesXsrc}: \proglang{R}~Package Distribution of the \pkg{BayesX} \proglang{C++}~Sources},
  author = {Nikolaus Umlauf and Daniel Adler and Thomas Kneib and Stefan Lang and Achim Zeileis},
  year = {2018},
  note = {\proglang{R}~package version~3.0-1},
  url = {https://CRAN.R-project.org/package=BayesXsrc}
}

@Manual{bamlss:rjags,
  title = {\pkg{rjags}: Bayesian Graphical Models using MCMC},
  author = {Martyn Plummer},
  year = {2019},
  note = {R package version 4-10},
  url = {https://CRAN.R-project.org/package=rjags},
}

@Article{bamlss:Pebesma+Bivand:2005,
  author = {E. J. Pebesma and R. S. Bivand},
  title = {Classes and Methods for Spatial Data in \proglang{R}},
  journal = {\proglang{R} News},
  volume = {5},
  number = {2},
  pages = {9--13},
  year = {2005},
  doi = {10.1007/978-1-4614-7618-4_2}
}

@Book{bamlss:Bivand+Pebesma+GomezRubio:2008,
  author = {Roger S. Bivand and Edzer J. Pebesma and Virgilio G{\'o}mez-Rubio},
  title = {Applied Spatial Data Analysis with \proglang{R}},
  year = {2008},
  publisher = {Springer-Verlag},
  address = {New York},
  doi = {10.1007/978-1-4614-7618-4}
}

@Manual{bamlss:Ihaka+Murrell+Hornik:2012,
  title = {\pkg{colorspace}: Color Space Manipulation},
  author = {Ross Ihaka and Paul Murrell and Kurt Hornik and Achim Zeileis},
  year = {2012},
  note = {\proglang{R}~package version~1.3-1},
  url = {https://CRAN.R-project.org/package=colorspace}
}

@Article{bamlss:Zeileis+Hornik+Murrell:2009,
  title = {Escaping {RGB}land: Selecting Colors for Statistical Graphics},
  author = {Achim Zeileis and Kurt Hornik and Paul Murrell},
  journal = {Computational Statistics \& Data Analysis},
  year = {2009},
  volume = {53},
  pages = {3259--3270},
  doi = {10.1016/j.csda.2008.11.033}
}

@Article{bamlss:Wilkinson+Rogers:1973,
  title = {Symbolic Description of Factorial Models for Analysis of Variance},
  author = {G. N. Wilkinson and C. E. Rogers},
  journal = {Journal of the Royal Statistical Society C},
  volume = {22},
  number = {3},
  pages = {pp. 392-399},
  year = {1973},
  publisher = {John Wiley \& Sons},
  doi = {10.2307/2346786}
}

@Article{bamlss:Umlauf+Adler+Kneib+Lang+Zeileis:2014,
  author = {Nikolaus Umlauf and Daniel Adler and Thomas Kneib and Stefan Lang and Achim Zeileis},
  title = {Structured Additive Regression Models: An \proglang{R} Interface to \pkg{BayesX}},
  journal = {Journal of Statistical Software},
  volume = {63},
  number = {1},
  year = {2015},
  pages = {1--46},
  doi = {10.18637/jss.v063.i21}
}

@Article{bamlss:Lang+Umlauf+Wechselberger+Harttgen+Kneib:2014,
  year = {2014},
  journal = {Statistics and Computing},
  volume = {24},
  number = {2},
  doi = {10.1007/s11222-012-9366-0},
  title = {Multilevel Structured Additive Regression},
  publisher = {Springer-Verlag},
  author = {Stefan Lang and Nikolaus Umlauf and Peter Wechselberger and Kenneth Harttgen and Thomas Kneib},
  pages = {223--238}
}

@Article{bamlss:Zeileis+Croissant:2010,
  author = {Achim Zeileis and Yves Croissant},
  title = {Extended Model Formulas in \proglang{R}: Multiple Parts and Multiple Responses},
  journal = {Journal of Statistical Software},
  year = {2010},
  volume = {34},
  number = {1},
  pages = {1--13},
  doi = {10.18637/jss.v034.i01}
}

@Article{bamlss:Simon+Fabsic+Mayr+Umlauf+Zeileis:2018,
  title   = {Probabilistic Forecasting of Thunderstorms in the {E}astern {A}lps},
  author  = {Simon, Thorsten and Fabsic, Peter and Mayr, Georg J. and Umlauf, Nikolaus and Zeileis, Achim},
  year = {2018},
  journal = {Monthly Weather Review},
  volume  = {146},
  pages   = {2999--3009},
  doi     = {10.1175/MWR-D-17-0366.1}
}

@Article{bamlss:Klein+Denuit+Kneib+Lang:2014,
  title = "Nonlife Ratemaking and Risk Management with {B}ayesian Generalized Additive
    Models for Location, Scale, and Shape",
  journal = "Insurance: Mathematics and Economics",
  volume = "55",
  pages = "225 - 249",
  year = "2014",
  doi = "10.1016/j.insmatheco.2014.02.001",
  author = "Nadja Klein and Michel Denuit and Stefan Lang and Thomas Kneib",
}

@Article{bamlss:Herwartz+Klein+Strumann:2016,
  author  = {Herwartz, H. and Klein, N. and Strumann, C.},
  title   = {Modelling Hospital Admission and Length of Stay by Means of Generalised Count Data Models},
  journal = {Journal of Applied Econometrics},
  year    = {2016},
  volume  = {31},
  number  = {6},
  pages   = {1159--1182},
  doi = {10.1002/jae.2454}
}

@Article{bamlss:Simon+Mayr+Umlauf+Zeileis:2019,
  author  = {Simon, Thorsten and Mayr, Georg J. and Umlauf, Nikolaus and Zeileis, Achim},
  title   = {{NWP}-Based Lightning Prediction Using Flexible Count Data Regression},
  journal = {Advances in Statistical Climatology, Meteorology and Oceanography},
  volume  = {5},
  year    = {2019},
  number  = {1},
  pages   = {1--16},
  doi     = {10.5194/ascmo-5-1-2019}
}

@Article{schulz2005,
  title = {{C}loud-to-Ground Lightning in {A}ustria: {A} 10-Year Study Using Data from a Lightning Location System},
  author = {Schulz, W and Cummins, K and Diendorfer, G and Dorninger, M},
  journal = {Journal of Geophysical Research: Atmospheres},
  volume = {110},
  number = {D9},
  year = {2005},
  publisher = {Wiley Online Library},
  doi = {10.1029/2004JD005332},
}

@Misc{era5a,
  title = {{ERA}5: {F}ifth Generation of {ECMWF} Atmospheric Reanalyses of the Global Climate},
  author = {{Copernicus Climate Change Service}},
  howpublished = {Copernicus Climate Change Service Climate Date Store (CDS)},
  note = {date of access: June 2019, \url{https://cds.climate.copernicus.eu/cdsapp#!/home}},
  year = {2017},
}

@Article{era5b,
	author = {Hersbach, Hans and et al.},
	title = {The {ERA5} Global Reanalysis},
	journal = {Quarterly Journal of the Royal Meteorological Society},
	volume = {146},
	number = {730},
	pages = {1999--2049},
	doi = {10.1002/qj.3803},
  year = {2020}
}

@Manual{FlashAustria,
  title = {\pkg{FlashAustria}: Data and Model for Reanalyzing Flash Counts in Austria},
  author = {Thorsten Simon},
  year = {2021},
  note = {\proglang{R} package version 0.4-2/r4044},
  url = {https://R-Forge.R-project.org/projects/bayesr/},
}

@Book{cameron2013count,
  title     = {Regression Analysis of Count Data},
  author    = {A. Colin Cameron and Pravin K. Trivedi},
  address   = {Cambridge},
  edition   = {2nd},
  publisher = {Cambridge University Press},
  series    = {Econometric Society Monographs},
  year      = {2013}
}

@Article{kleiber2016visualizing,
  author    = {Christian Kleiber and Achim Zeileis},
  title     = {Visualizing Count Data Regressions Using Rootograms},
  journal   = {The American Statistician},
  volume    = {70},
  number    = {3},
  pages     = {296--303},
  year      = {2016},
  publisher = {Taylor \& Francis},
  doi       = {10.1080/00031305.2016.1173590}
}

@Article{zeileis2008regression,
   author = {Achim Zeileis and Christian Kleiber and Simon Jackman},
   title = {{R}egression Models for Count Data in \textsf{R}},
   journal = {Journal of Statistical Software},
   volume = {27},
   number = {1},
   year = {2008},
   pages={1--25},
   doi = {10.18637/jss.v027.i08}
}

@Article{pebesma2018sf,
  author = {Edzer Pebesma},
  title = {Simple Features for \proglang{R}: {S}tandardized Support for Spatial Vector Data},
  year = {2018},
  journal = {The \proglang{R} Journal},
  doi = {10.32614/RJ-2018-009},
  pages = {439--446},
  volume = {10},
  number = {1}
}

@Book{wickham2016gg,
  author = {Hadley Wickham},
  title = {\pkg{ggplot2}: {E}legant Graphics for Data Analysis},
  publisher = {Springer-Verlag New York},
  year = {2016},
  url = {https://ggplot2.tidyverse.org},
}

@Article{zeileis2019colorspace,
  author = {Achim Zeileis and Jason C. Fisher and Kurt Hornik and Ross Ihaka and Claire D. McWhite and Paul Murrell and Reto Stauffer and Claus O. Wilke},
  title = {\pkg{colorspace}: A Toolbox for Manipulating and Assessing Colors and Palettes},
  year = {2020},
  journal = {Journal of Statistical Software},
  volume = {96},
  number = {1},
  pages = {1--49},
  doi = {10.18637/jss.v096.i01},
}

@Manual{south2017rnaturalearth,
  title = {\pkg{rnaturalearth}: {W}orld Map Data from Natural {E}arth},
  author = {Andy South},
  year = {2017},
  note = {\proglang{R} package version 0.1.0},
  url = {https://CRAN.R-project.org/package=rnaturalearth},
}

@article{fouillet2008,
    author = {Fouillet, A and Rey, G and Wagner, V and Laaidi, K and Empereur-Bissonnet, P and Le Tertre, A and Frayssinet, P and Bessemoulin, P and Laurent, F and De Crouy-Chanel, P and Jougla, E and Hémon, D},
    title = "Has the Impact of Heat Waves on Mortality Changed in {F}rance since the {E}uropean Heat Wave of Summer 2003? {A} Study of the 2006 Heat Wave",
    journal = {International Journal of Epidemiology},
    volume = {37},
    number = {2},
    pages = {309-317},
    year = {2008},
    month = {01},
    issn = {0300-5771},
    doi = {10.1093/ije/dym253},
    url = {https://doi.org/10.1093/ije/dym253},
    eprint = {https://academic.oup.com/ije/article-pdf/37/2/309/14148360/dym253.pdf},
}

@article{westra2014,
  author = {Westra, S. and Fowler, H. J. and Evans, J. P. and Alexander, L. V. and Berg, P. and Johnson, F. and Kendon, E. J. and Lenderink, G. and Roberts, N. M.},
  title = {Future Changes to the Intensity and Frequency of Short-Duration Extreme Rainfall},
  journal = {Reviews of Geophysics},
  volume = {52},
  number = {3},
  pages = {522--555},
  doi = {10.1002/2014RG000464},
  year = {2014}
}



